<mx:record xmlns="http://www.w3.org/TR/xhtml1/strict" xmlns:mx="http://www.loc.gov/MARC21/slim" xmlns:xsi="http://www.w3.org/2001/XMLSchema-instance"><mx:leader>00000cz   2200000n  4500</mx:leader><mx:controlfield tag="001">oca00040450 </mx:controlfield><mx:controlfield tag="005">19940831124624.2</mx:controlfield><mx:controlfield tag="008">800317n| acannaab           |a ana |||  </mx:controlfield><mx:datafield ind1=" " ind2=" " tag="010"><mx:subfield code="a">n  50004878 </mx:subfield></mx:datafield><mx:datafield ind1=" " ind2=" " tag="040"><mx:subfield code="a">DLC</mx:subfield><mx:subfield code="c">DLC</mx:subfield><mx:subfield code="d">DLC</mx:subfield></mx:datafield><mx:datafield ind1=" " ind2="0" tag="130"><mx:subfield code="a">Scriptores historiae Augustae</mx:subfield></mx:datafield><mx:datafield ind1=" " ind2="0" tag="430"><mx:subfield code="a">Historiae Augustae scriptores</mx:subfield></mx:datafield><mx:datafield ind1=" " ind2="0" tag="430"><mx:subfield code="a">Historia Augusta</mx:subfield></mx:datafield><mx:datafield ind1=" " ind2="0" tag="430"><mx:subfield code="a">Storia augusta</mx:subfield></mx:datafield><mx:datafield ind1=" " ind2="0" tag="430"><mx:subfield code="a">Istoria Augustă</mx:subfield></mx:datafield><mx:datafield ind1=" " ind2="0" tag="430"><mx:subfield code="a">Augustan history</mx:subfield></mx:datafield><mx:datafield ind1=" " ind2="0" tag="430"><mx:subfield code="a">Histoire Auguste</mx:subfield></mx:datafield><mx:datafield ind1=" " ind2="0" tag="430"><mx:subfield code="a">Historiae Augustae</mx:subfield></mx:datafield><mx:datafield ind1=" " ind2="0" tag="430"><mx:subfield code="a">HA</mx:subfield></mx:datafield><mx:datafield ind1=" " ind2="0" tag="430"><mx:subfield code="a">Vlasteliny Rima</mx:subfield></mx:datafield><mx:datafield ind1=" " ind2=" " tag="670"><mx:subfield code="a">Bertrand-Dagenbach, C. Alexandre Sévère et l'Histoire auguste, 1990:</mx:subfield><mx:subfield code="b">prelim p., etc. (often referred to simply as Historia Augustae, or HA)</mx:subfield></mx:datafield><mx:datafield ind1=" " ind2=" " tag="670"><mx:subfield code="a">Vlasteliny Rima, 1992:</mx:subfield><mx:subfield code="b">p. preceding t.p. (Scriptores historiae Augustae)</mx:subfield></mx:datafield></mx:record>